@article{one,
	author={Andrew Begel, Nachiappan Nagappan},  
	title={Usage and Perceptions of Agile Software Development in an Industrial Context: An Exploratory Study}, 
	year={2007}, 
	pages={255-264}
}

@article{two,
	author={Aneesa Rida Asghar, Atika Tabassum, Shahid Nazir Bhatti, Amr Mohsen Jadi}, 
	title={Impact and challenges of requirements elicitation and prioritization in quality to agile process: Scrum as a case scenario}, 
	year={2017}, 
	pages={50-55}
}

@misc{four,
	title={Agile Game Development â€“ A Quick Overview},
	author={Raluca},
	howpublished={[Online]. Available: \url{https://marionettestudio.com/agile-game-development-quick-overview/}},
    note={[Accessed: 11-Nov-2017]}
}




